<?xml version="1.0" encoding="UTF-8"?><record xmlns="http://www.loc.gov/MARC21/slim" xmlns:cinclude="http://apache.org/cocoon/include/1.0" xmlns:zs="http://www.loc.gov/zing/srw/">
  <leader>00566nz  a2200157n  4500</leader>
  <controlfield tag="001">no2011055151</controlfield>
  <controlfield tag="003">DLC</controlfield>
  <controlfield tag="005">20110408075358.0</controlfield>
  <controlfield tag="008">110406n| acannaabn          |b aaa     c</controlfield>
  <datafield tag="010" ind1=" " ind2=" ">
    <subfield code="a">no2011055151</subfield>
  </datafield>
  <datafield tag="035" ind1=" " ind2=" ">
    <subfield code="a">(OCoLC)oca08821361</subfield>
  </datafield>
  <datafield tag="040" ind1=" " ind2=" ">
    <subfield code="a">NjP</subfield>
    <subfield code="b">eng</subfield>
    <subfield code="c">NjP</subfield>
  </datafield>
  <datafield tag="100" ind1="1" ind2=" ">
    <subfield code="a">Rāḍī, ʻAbd al-Wahhāb</subfield>
  </datafield>
  <datafield tag="400" ind1="1" ind2=" ">
    <subfield code="a">راضي، عبد الوهاب</subfield>
  </datafield>
  <datafield tag="667" ind1=" " ind2=" ">
    <subfield code="a">Non-Latin script reference not evaluated.</subfield>
  </datafield>
  <datafield tag="670" ind1=" " ind2=" ">
    <subfield code="a">Qamar Banī Hāshim al-ʻAbbās ibn ʻAlī ibn Abī Ṭālib, 2009:</subfield>
    <subfield code="b">t.p. (D. ʻAbd al-Wahhāb al-Rāḍī = د. عبد الوهاب الراضي)</subfield>
  </datafield>
</record>